@PREAMBLE{
 "\providecommand{\noopsort}[1]{}" 
 # "\providecommand{\singleletter}[1]{#1}%" 
}

@article {Benioff,
  author={Paul Benioff},
  journal={Journal of Statistical Physics},
  pages={563-591},
  title={The Computer as a Physical System: A Microscopic
Quantum Mechanical Hamiltonian Model of Computers
as Represented by Turing Machines},
  volume={22},
  year={1980}
}

@article{Qi_2022,
  doi = {10.48550/ARXIV.2209.00564},
  
  url = {https://arxiv.org/abs/2209.00564},
  
  author = {Qi, Jun},
  
  keywords = {Quantum Physics (quant-ph), Distributed, Parallel, and Cluster Computing (cs.DC), Machine Learning (cs.LG), FOS: Physical sciences, FOS: Physical sciences, FOS: Computer and information sciences, FOS: Computer and information sciences},
  
  title = {Federated Quantum Natural Gradient Descent for Quantum Federated Learning},
  
  publisher = {arXiv},
  
  year = {2022},
  
  copyright = {Creative Commons Attribution 4.0 International}
}

@article {yamamoto,
author = {K. Igeta and Y. Yamamoto},
booktitle = {International Conference on Quantum Electronics},
journal = {International Conference on Quantum Electronics},
keywords = {Phase shift; Photons; Quantum noise; Switching},
pages = {TuI4},
publisher = {Optica Publishing Group},
title = {Quantum mechanical computers with single atom and photon fields},
year = {1988},
url = {https://opg.optica.org/abstract.cfm?URI=IQEC-1988-TuI4}
}

@article{deutsch,
author={David Deutsch, Richard Jozsa},
publisher={The Royal Society},
title={Rapid solution of problems by quantum computation},
year={1992},
volume={439},
pages={553-558}
}

@article{shor,
  author={Shor, P.W.},
  booktitle={Proceedings 35th Annual Symposium on Foundations of Computer Science}, 
  title={Algorithms for quantum computation: discrete logarithms and factoring}, 
  year={1994},
  volume={},
  number={},
  pages={124-134},
  doi={10.1109/SFCS.1994.365700}
}

@article{grover,
author = {Grover, Lov K.},
title = {A Fast Quantum Mechanical Algorithm for Database Search},
year = {1996},
isbn = {0897917855},
publisher = {Association for Computing Machinery},
address = {New York, NY, USA},
url = {https://doi.org/10.1145/237814.237866},
doi = {10.1145/237814.237866},
booktitle = {Proceedings of the Twenty-Eighth Annual ACM Symposium on Theory of Computing},
pages = {212–219},
numpages = {8},
location = {Philadelphia, Pennsylvania, USA},
series = {STOC '96}
}

@article{2quFirst,
  title = {Experimental Implementation of Fast Quantum Searching},
  author = {Chuang, Isaac L. and Gershenfeld, Neil and Kubinec, Mark},
  journal = {Phys. Rev. Lett.},
  volume = {80},
  issue = {15},
  pages = {3408--3411},
  numpages = {0},
  year = {1998},
  month = {Apr},
  publisher = {American Physical Society},
  doi = {10.1103/PhysRevLett.80.3408},
  url = {https://link.aps.org/doi/10.1103/PhysRevLett.80.3408}
}

@misc{AWS,
  title = "{Amazon Braket}",
  howpbulished = "\url{https://aws.amazon.com/braket/?nc1=h_ls}",
  year = {2022}
}

@misc{ibmq,
  title = "{IBM Quantum}",
  howpbulished = "\url{https://quantum-computing.ibm.com/}",
  year = 2016
}

@article{quest,
author={Schuld, M., Sinayskiy, I., Petruccione, F.},
title={The quest for a Quantum Neural Network.},
publisher={Quantum Inf Process},
volume={13},
year={2014},
pages={2567–2586}
}

@article{assomem,
  author = {Ventura, Dan and Martinez, Tony},
  title = {Quantum Associative Memory},
  publisher = {arXiv},
  year = {1998},
  copyright = {Assumed arXiv.org perpetual, non-exclusive license to distribute this article for submissions made before January 2004}
}

@article{4types,
author="A{\"i}meur, Esma
and Brassard, Gilles
and Gambs, S{\'e}bastien",
editor="Lamontagne, Luc
and Marchand, Mario",
title="Machine Learning in a Quantum World",
booktitle="Advances in Artificial Intelligence",
year="2006",
pages={431-442}
publisher="Springer Berlin Heidelberg",
address="Berlin, Heidelberg",
pages="431--442",
isbn="978-3-540-34630-2"
}

@article{tensor1,
  author = {Glasser, Ivan and Pancotti, Nicola and Cirac, J. Ignacio},
  title = {From probabilistic graphical models to generalized tensor networks for supervised learning},
  publisher = {arXiv},
  year = {2018},
  copyright = {arXiv.org perpetual, non-exclusive license}
}
@article{tensor2,
 author = {Stoudenmire, Edwin and Schwab, David J},
 booktitle = {Advances in Neural Information Processing Systems},
 editor = {D. Lee and M. Sugiyama and U. Luxburg and I. Guyon and R. Garnett},
 pages = {},
 publisher = {Curran Associates, Inc.},
 title = {Supervised Learning with Tensor Networks},
 url = {https://proceedings.neurips.cc/paper/2016/file/5314b9674c86e3f9d1ba25ef9bb32895-Paper.pdf},
 volume = {29},
 year = {2016}
}
@article{entannn,
  title = {Quantum Entanglement in Neural Network States},
  author = {Deng, Dong-Ling and Li, Xiaopeng and Das Sarma, S.},
  journal = {Phys. Rev. X},
  volume = {7},
  issue = {2},
  pages = {021021},
  numpages = {17},
  year = {2017},
  month = {May},
  publisher = {American Physical Society},
  doi = {10.1103/PhysRevX.7.021021},
  url = {https://link.aps.org/doi/10.1103/PhysRevX.7.021021}
}

@article{tomogra,
	year = 2022,
	month = {jul},
	publisher = {American Physical Society ({APS})},
	volume = {106},
	number = {1},
	author = {Dominik Koutn{\'{y}
} and Libor Motka and Zden{\v{e}}k Hradil and Jaroslav {\v{R}}eh{\'{a}}{\v{c}}ek and Luis L. S{\'{a}}nchez-Soto},
	title = {Neural-network quantum state tomography},
	journal = {Physical Review A}
}

@article{Romero_2019,
doi = {10.1088/2058-9565/aad3e4},
url = {https://dx.doi.org/10.1088/2058-9565/aad3e4},
year = {2018},
month = {oct},
publisher = {IOP Publishing},
volume = {4},
number = {1},
pages = {014008},
author = {Jonathan Romero and Ryan Babbush and Jarrod R McClean and Cornelius Hempel and Peter J Love and Alán Aspuru-Guzik},
title = {Strategies for quantum computing molecular energies using the unitary coupled cluster ansatz},
journal = {Quantum Science and Technology}
}

@article{PhysRevResearch.1.013006,
  title = {Methodology for replacing indirect measurements with direct measurements},
  author = {Mitarai, Kosuke and Fujii, Keisuke},
  journal = {Phys. Rev. Research},
  volume = {1},
  issue = {1},
  pages = {013006},
  numpages = {7},
  year = {2019},
  month = {Aug},
  publisher = {American Physical Society},
  doi = {10.1103/PhysRevResearch.1.013006},
  url = {https://link.aps.org/doi/10.1103/PhysRevResearch.1.013006}
}
@article{koczor,
  author = {Koczor, Bálint and Benjamin, Simon C.},
  keywords = {Quantum Physics (quant-ph), FOS: Physical sciences, FOS: Physical sciences},
  title = {Quantum natural gradient generalised to noisy and non-unitary circuits},
  publisher = {arXiv},
  year = {2019},
  copyright = {arXiv.org perpetual, non-exclusive license}
}

@article{Wada_2022,
    url = {https://doi.org/10.1103%2Fphysreva.105.062421},
    year = 2022,
    month = {jun},
    publisher = {American Physical Society ({APS})},
    volume = {105},
    number = {6},
    author = {Kaito Wada and Rudy Raymond and Yu-ya Ohnishi and Eriko Kaminishi and Michihiko Sugawara and Naoki Yamamoto and Hiroshi C. Watanabe},
    title = {Simulating time evolution with fully optimized single-qubit gates on parametrized quantum circuits},
    journal = {Physical Review A}
}}
@article{fraxis1,
  author = {Watanabe, Hiroshi C. and Raymond, Rudy and Ohnishi, Yu-ya and Kaminishi, Eriko and Sugawara, Michihiko},
  
  keywords = {Quantum Physics (quant-ph), FOS: Physical sciences, FOS: Physical sciences},
  
  title = {Optimizing Parameterized Quantum Circuits with Free-Axis Selection},
  
  publisher = {arXiv},
  
  year = {2021},
  
  copyright = {Creative Commons Attribution Non Commercial Share Alike 4.0 International}
}

@article{Ostaszewski_2021,
    doi = {10.22331/q-2021-01-28-391},
    url = {https://doi.org/10.22331%2Fq-2021-01-28-391},
    year = 2021,
    month = {jan},
    publisher = {Verein zur Forderung des Open Access Publizierens in den Quantenwissenschaften},
    volume = {5},
    pages = {391},
    author = {Mateusz Ostaszewski and Edward Grant and Marcello Benedetti},
    title = {Structure optimization for parameterized quantum circuits},
    journal = {Quantum}
}}
@article{10.1093/comjnl/7.4.308,
    author = {Nelder, J. A. and Mead, R.},
    title = "{A Simplex Method for Function Minimization}",
    journal = {The Computer Journal},
    volume = {7},
    number = {4},
    pages = {308-313},
    year = {1965},
    month = {01},
    issn = {0010-4620},
    doi = {10.1093/comjnl/7.4.308},
    url = {https://doi.org/10.1093/comjnl/7.4.308},
    eprint = {https://academic.oup.com/comjnl/article-pdf/7/4/308/1013182/7-4-308.pdf},
}
@article{Nakanishi_2020,
    doi = {10.1103/physrevresearch.2.043158},
    url = {https://doi.org/10.1103%2Fphysrevresearch.2.043158},
    year = 2020,
    month = {oct},
    publisher = {American Physical Society ({APS})},
    volume = {2},
    number = {4},
    author = {Ken M. Nakanishi and Keisuke Fujii and Synge Todo},
    title = {Sequential minimal optimization for quantum-classical hybrid algorithms},
    journal = {Physical Review Research}
}}
@inproceedings{Lavrijsen_2020,
    doi = {10.1109/qce49297.2020.00041},
    url = {https://doi.org/10.1109%2Fqce49297.2020.00041},
    year = 2020,
    month = {oct},
    publisher = {{IEEE}},
    author = {Wim Lavrijsen and Ana Tudor and Juliane Muller and Costin Iancu and Wibe de Jong},
    title = {Classical Optimizers for Noisy Intermediate-Scale Quantum Devices},
    booktitle = {2020 {IEEE} International Conference on Quantum Computing and Engineering ({QCE})}
}}
@article{Pellow_Jarman_2021,
    doi = {10.1007/s11128-021-03140-x},
    url = {https://doi.org/10.1007%2Fs11128-021-03140-x},
    year = 2021,    
    month = {jun},
    publisher = {Springer Science and Business Media {LLC}},
    volume = {20},
    number = {6},
    author = {Aidan Pellow-Jarman and Ilya Sinayskiy and Anban Pillay and Francesco Petruccione},
    title = {A comparison of various classical optimizers for a variational quantum linear solver},
    journal = {Quantum Information Processing}
}}

@incollection{NEURIPS2019_9015,
title = {PyTorch: An Imperative Style, High-Performance Deep Learning Library},
author = {Paszke, Adam and Gross, Sam and Massa, Francisco and Lerer, Adam and Bradbury, James and Chanan, Gregory and Killeen, Trevor and Lin, Zeming and Gimelshein, Natalia and Antiga, Luca and Desmaison, Alban and Kopf, Andreas and Yang, Edward and DeVito, Zachary and Raison, Martin and Tejani, Alykhan and Chilamkurthy, Sasank and Steiner, Benoit and Fang, Lu and Bai, Junjie and Chintala, Soumith},
booktitle = {Advances in Neural Information Processing Systems 32},
pages = {8024--8035},
year = {2019},
publisher = {Curran Associates, Inc.},
url = {http://papers.neurips.cc/paper/9015-pytorch-an-imperative-style-high-performance-deep-learning-library.pdf}
}

@article{TILLY20221,
title = {The Variational Quantum Eigensolver: A review of methods and best practices},
journal = {Physics Reports},
volume = {986},
pages = {1-128},
year = {2022},
note = {The Variational Quantum Eigensolver: a review of methods and best practices},
issn = {0370-1573},
doi = {https://doi.org/10.1016/j.physrep.2022.08.003},
url = {https://www.sciencedirect.com/science/article/pii/S0370157322003118},
author = {Jules Tilly and Hongxiang Chen and Shuxiang Cao and Dario Picozzi and Kanav Setia and Ying Li and Edward Grant and Leonard Wossnig and Ivan Rungger and George H. Booth and Jonathan Tennyson}
}
@book{book1,
author = {Schuld, Maria and Petruccione, Francesco},
year = {2021},
month = {01},
pages = {197-201, 155},
title = {Machine Learning with Quantum Computers},
isbn = {978-3-030-83097-7},
doi = {10.1007/978-3-030-83098-4}
}

@article{lower,
  author = {Knill, E.},
  keywords = {Quantum Physics (quant-ph), Combinatorics (math.CO), FOS: Physical sciences, FOS: Physical sciences, FOS: Mathematics, FOS: Mathematics},
  title = {Approximation by Quantum Circuits},
  publisher = {arXiv},
  year = {1995},
  copyright = {Assumed arXiv.org perpetual, non-exclusive license to distribute this article for submissions made before January 2004}
}

@article{lecun-mnisthandwrittendigit-2010,
  added-at = {2010-06-28T21:16:30.000+0200},
  author = {LeCun, Yann and Cortes, Corinna},
  groups = {public},
  howpublished = {http://yann.lecun.com/exdb/mnist/},
  interhash = {21b9d0558bd66279df9452562df6e6f3},
  intrahash = {935bad99fa1f65e03c25b315aa3c1032},
  keywords = {MSc _checked character_recognition mnist network neural},
  lastchecked = {2016-01-14 14:24:11},
  timestamp = {2016-07-12T19:25:30.000+0200},
  title = {{MNIST} handwritten digit database},
  url = {http://yann.lecun.com/exdb/mnist/},
  username = {mhwombat},
  year = 2010
}

@misc{xiao2017fashionmnist,
  abstract = {We present Fashion-MNIST, a new dataset comprising of 28x28 grayscale images
of 70,000 fashion products from 10 categories, with 7,000 images per category.
The training set has 60,000 images and the test set has 10,000 images.
Fashion-MNIST is intended to serve as a direct drop-in replacement for the
original MNIST dataset for benchmarking machine learning algorithms, as it
shares the same image size, data format and the structure of training and
testing splits. The dataset is freely available at
https://github.com/zalandoresearch/fashion-mnist},
  added-at = {2021-10-12T06:50:19.000+0200},
  author = {Xiao, Han and Rasul, Kashif and Vollgraf, Roland},
  biburl = {https://www.bibsonomy.org/bibtex/2de51af2f6c7d8b0f4cd84a428bb17967/andolab},
  description = {Fashion-MNIST: a Novel Image Dataset for Benchmarking Machine Learning Algorithms},
  interhash = {0c81f9a6170118f14703b6796101ce40},
  intrahash = {de51af2f6c7d8b0f4cd84a428bb17967},
  keywords = {Fashion-MNIST Image_Classification_Benchmark},
  note = {cite arxiv:1708.07747Comment: Dataset is freely available at  https://github.com/zalandoresearch/fashion-mnist Benchmark is available at  http://fashion-mnist.s3-website.eu-central-1.amazonaws.com/},
  timestamp = {2021-10-12T06:50:19.000+0200},
  title = {Fashion-MNIST: a Novel Image Dataset for Benchmarking Machine Learning
  Algorithms},
  url = {http://arxiv.org/abs/1708.07747},
  year = 2017
}

@article{opencv_library,
    author = {Bradski, G.},
    citeulike-article-id = {2236121},
    journal = {Dr. Dobb's Journal of Software Tools},
    keywords = {bibtex-import},
    posted-at = {2008-01-15 19:21:54},
    priority = {4},
    title = {{The OpenCV Library}},
    year = {2000}
}

@ARTICLE{9775600,
  author={Du, Yuxuan and Qian, Yang and Wu, Xingyao and Tao, Dacheng},
  journal={IEEE Transactions on Quantum Engineering}, 
  title={A Distributed Learning Scheme for Variational Quantum Algorithms}, 
  year={2022},
  volume={3},
  number={},
  pages={1-16},
  doi={10.1109/TQE.2022.3175267}}
  
@misc{ Qiskit,
       author = {A-tA-v and MD SAJID ANIS and Abby-Mitchell and H{\'e}ctor Abraham and AduOffei and Rochisha Agarwal and Gabriele Agliardi and Merav Aharoni and Vishnu Ajith and Ismail Yunus Akhalwaya and Gadi Aleksandrowicz and Thomas Alexander and Matthew Amy and Sashwat Anagolum and Anthony-Gandon and Israel F. Araujo and Eli Arbel and Abraham Asfaw and Anish Athalye and Artur Avkhadiev and Carlos Azaustre and PRATHAMESH BHOLE and Vishal Bajpe and Abhik Banerjee and Santanu Banerjee and Will Bang and Aman Bansal and Panagiotis Barkoutsos and Ashish Barnawal and George Barron and George S. Barron and Luciano Bello and Yael Ben-Haim and M. Chandler Bennett and Daniel Bevenius and Dhruv Bhatnagar and Prakhar Bhatnagar and Arjun Bhobe and Paolo Bianchini and Lev S. Bishop and Carsten Blank and Sorin Bolos and Soham Bopardikar and Samuel Bosch and Sebastian Brandhofer and Brandon and Sergey Bravyi and Bryce-Fuller and David Bucher and Artemiy Burov and Fran Cabrera and Padraic Calpin and Lauren Capelluto and Jorge Carballo and Gin{\'e}s Carrascal and Adam Carriker and Ivan Carvalho and Rishabh Chakrabarti and Adrian Chen and Chun-Fu Chen and Edward Chen and Jielun (Chris) Chen and Richard Chen and Franck Chevallier and Kartik Chinda and Rathish Cholarajan and Jerry M. Chow and Spencer Churchill and CisterMoke and Christian Claus and Christian Clauss and Caleb Clothier and Romilly Cocking and Ryan Cocuzzo and Jordan Connor and Filipe Correa and Zachary Crockett and Abigail J. Cross and Andrew W. Cross and Simon Cross and Juan Cruz-Benito and Chris Culver and Antonio D. C{\'o}rcoles-Gonzales and Navaneeth D and Sean Dague and Tareq El Dandachi and Animesh N Dangwal and Jonathan Daniel and Marcus Daniels and Matthieu Dartiailh and Abd{\'o}n Rodr{\'\i}guez Davila and Faisal Debouni and Anton Dekusar and Amol Deshmukh and Mohit Deshpande and Delton Ding and Jun Doi and Eli M. Dow and Patrick Downing and Eric Drechsler and Marc Sanz Drudis and Eugene Dumitrescu and Karel Dumon and Ivan Duran and Kareem EL-Safty and Eric Eastman and Grant Eberle and Amir Ebrahimi and Pieter Eendebak and Daniel Egger and ElePT and Iman Elsayed and Emilio and Alberto Espiricueta and Mark Everitt and Davide Facoetti and Farida and Paco Mart{\'\i}n Fern{\'a}ndez and Samuele Ferracin and Davide Ferrari and Axel Hern{\'a}ndez Ferrera and Romain Fouilland and Albert Frisch and Andreas Fuhrer and Bryce Fuller and MELVIN GEORGE and Julien Gacon and Borja Godoy Gago and Claudio Gambella and Jay M. Gambetta and Adhisha Gammanpila and Luis Garcia and Tanya Garg and Shelly Garion and James R. Garrison and Jim Garrison and Tim Gates and Gian Gentinetta and Hristo Georgiev and Leron Gil and Austin Gilliam and Aditya Giridharan and Glen and Juan Gomez-Mosquera and Gonzalo and Salvador de la Puente Gonz{\'a}lez and Jesse Gorzinski and Ian Gould and Donny Greenberg and Dmitry Grinko and Wen Guan and Dani Guijo and Guillermo-Mijares-Vilarino and John A. Gunnels and Harshit Gupta and Naman Gupta and Jakob M. G{\"u}nther and Mikael Haglund and Isabel Haide and Ikko Hamamura and Omar Costa Hamido and Frank Harkins and Kevin Hartman and Areeq Hasan and Vojtech Havlicek and Joe Hellmers and {\L}ukasz Herok and Ryan Hill and Stefan Hillmich and Colin Hong and Hiroshi Horii and Connor Howington and Shaohan Hu and Wei Hu and Chih-Han Huang and Junye Huang and Rolf Huisman and Haruki Imai and Takashi Imamichi and Kazuaki Ishizaki and Ishwor and Raban Iten and Toshinari Itoko and Alexander Ivrii and Ali Javadi and Ali Javadi-Abhari and Wahaj Javed and Qian Jianhua and Madhav Jivrajani and Kiran Johns and Scott Johnstun and Jonathan-Shoemaker and JosDenmark and JoshDumo and John Judge and Tal Kachmann and Akshay Kale and Naoki Kanazawa and Jessica Kane and Kang-Bae and Annanay Kapila and Anton Karazeev and Paul Kassebaum and Tobias Kehrer and Josh Kelso and Scott Kelso and Hugo van Kemenade and Vismai Khanderao and Spencer King and Yuri Kobayashi and Kovi11Day and Arseny Kovyrshin and Rajiv Krishnakumar and Pradeep Krishnamurthy and Vivek Krishnan and Kevin Krsulich and Prasad Kumkar and Gawel Kus and Ryan LaRose and Enrique Lacal and Rapha{\"e}l Lambert and Haggai Landa and John Lapeyre and Joe Latone and Scott Lawrence and Christina Lee and Gushu Li and Tan Jun Liang and Jake Lishman and Dennis Liu and Peng Liu and Lolcroc and Abhishek K M and Liam Madden and Yunho Maeng and Saurav Maheshkar and Kahan Majmudar and Aleksei Malyshev and Mohamed El Mandouh and Joshua Manela and Manjula and Jakub Marecek and Manoel Marques and Kunal Marwaha and Dmitri Maslov and Pawe{\l} Maszota and Dolph Mathews and Atsushi Matsuo and Farai Mazhandu and Doug McClure and Maureen McElaney and Joseph McElroy and Cameron McGarry and David McKay and Dan McPherson and Srujan Meesala and Dekel Meirom and Corey Mendell and Thomas Metcalfe and Martin Mevissen and Andrew Meyer and Antonio Mezzacapo and Rohit Midha and Declan Millar and Daniel Miller and Hannah Miller and Zlatko Minev and Abby Mitchell and Nikolaj Moll and Alejandro Montanez and Gabriel Monteiro and Michael Duane Mooring and Renier Morales and Niall Moran and David Morcuende and Seif Mostafa and Mario Motta and Romain Moyard and Prakash Murali and Daiki Murata and Jan M{\"u}ggenburg and Tristan NEMOZ and David Nadlinger and Ken Nakanishi and Giacomo Nannicini and Paul Nation and Edwin Navarro and Yehuda Naveh and Scott Wyman Neagle and Patrick Neuweiler and Aziz Ngoueya and Thien Nguyen and Johan Nicander and Nick-Singstock and Pradeep Niroula and Hassi Norlen and NuoWenLei and Lee James O'Riordan and Oluwatobi Ogunbayo and Pauline Ollitrault and Tamiya Onodera and Raul Otaolea and Steven Oud and Dan Padilha and Hanhee Paik and Soham Pal and Yuchen Pang and Ashish Panigrahi and Vincent R. Pascuzzi and Simone Perriello and Eric Peterson and Anna Phan and Kuba Pilch and Francesco Piro and Marco Pistoia and Christophe Piveteau and Julia Plewa and Pierre Pocreau and Clemens Possel and Alejandro Pozas-Kerstjens and Rafa{\l} Pracht and Milos Prokop and Viktor Prutyanov and Sumit Puri and Daniel Puzzuoli and Pythonix and Jes{\'u}s P{\'e}rez and Quant02 and Quintiii and Rafey Iqbal Rahman and Arun Raja and Roshan Rajeev and Isha Rajput and Nipun Ramagiri and Anirudh Rao and Rudy Raymond and Oliver Reardon-Smith and Rafael Mart{\'\i}n-Cuevas Redondo and Max Reuter and Julia Rice and Matt Riedemann and Rietesh and Drew Risinger and Pedro Rivero and Marcello La Rocca and Diego M. Rodr{\'\i}guez and RohithKarur and Ben Rosand and Max Rossmannek and Mingi Ryu and Tharrmashastha SAPV and Nahum Rosa Cruz Sa and Arijit Saha and Abdullah Ash- Saki and Arfat Salman and Sankalp Sanand and Martin Sandberg and Hirmay Sandesara and Ritvik Sapra and Hayk Sargsyan and Aniruddha Sarkar and Ninad Sathaye and Niko Savola and Bruno Schmitt and Chris Schnabel and Zachary Schoenfeld and Travis L. Scholten and Eddie Schoute and Mark Schulterbrandt and Joachim Schwarm and Paul Schweigert and James Seaward and Sergi and Ismael Faro Sertage and Kanav Setia and Freya Shah and Nathan Shammah and Will Shanks and Rohan Sharma and Polly Shaw and Yunong Shi and Jonathan Shoemaker and Adenilton Silva and Andrea Simonetto and Deeksha Singh and Divyanshu Singh and Parmeet Singh and Phattharaporn Singkanipa and Yukio Siraichi and Siri and Jesus Sistos and Jes{\'u}s Sistos and Iskandar Sitdikov and Seyon Sivarajah and Slavikmew and Magnus Berg Sletfjerding and John A. Smolin and Mathias Soeken and Igor Olegovich Sokolov and Igor Sokolov and Vicente P. Soloviev and SooluThomas and Starfish and Dominik Steenken and Matt Stypulkoski and Adrien Suau and Shaojun Sun and Kevin J. Sung and Makoto Suwama and Oskar S{\l}owik and Rohit Taeja and Hitomi Takahashi and Tanvesh Takawale and Ivano Tavernelli and Charles Taylor and Pete Taylour and Soolu Thomas and Kevin Tian and Mathieu Tillet and Maddy Tod and Miroslav Tomasik and Caroline Tornow and Enrique de la Torre and Juan Luis S{\'a}nchez Toural and Kenso Trabing and Matthew Treinish and Dimitar Trenev and TrishaPe and Felix Truger and Georgios Tsilimigkounakis and Davindra Tulsi and Do{\u{g}}ukan Tuna and Wes Turner and Yotam Vaknin and Carmen Recio Valcarce and Francois Varchon and Adish Vartak and Almudena Carrera Vazquez and Prajjwal Vijaywargiya and Victor Villar and Bhargav Vishnu and Desiree Vogt-Lee and Christophe Vuillot and WQ and James Weaver and Johannes Weidenfeller and Rafal Wieczorek and Jonathan A. Wildstrom and Jessica Wilson and Erick Winston and WinterSoldier and Jack J. Woehr and Stefan Woerner and Ryan Woo and Christopher J. Wood and Ryan Wood and Steve Wood and James Wootton and Matt Wright and Lucy Xing and Jintao YU and Yaiza and Bo Yang and Unchun Yang and Jimmy Yao and Daniyar Yeralin and Ryota Yonekura and David Yonge-Mallo and Ryuhei Yoshida and Richard Young and Jessie Yu and Lebin Yu and Yuma-Nakamura and Christopher Zachow and Laura Zdanski and Helena Zhang and Iulia Zidaru and Bastian Zimmermann and Christa Zoufal and aeddins-ibm and alexzhang13 and b63 and bartek-bartlomiej and bcamorrison and brandhsn and nick bronn and chetmurthy and choerst-ibm and comet and dalin27 and deeplokhande and dekel.meirom and derwind and dime10 and dlasecki and ehchen and ewinston and fanizzamarco and fs1132429 and gadial and galeinston and georgezhou20 and georgios-ts and gruu and hhorii and hhyap and hykavitha and itoko and jeppevinkel and jessica-angel7 and jezerjojo14 and jliu45 and johannesgreiner and jscott2 and kUmezawa and klinvill and krutik2966 and ma5x and michelle4654 and msuwama and nico-lgrs and nrhawkins and ntgiwsvp and ordmoj and sagar pahwa and pritamsinha2304 and rithikaadiga and ryancocuzzo and saktar-unr and saswati-qiskit and sebastian-mair and septembrr and sethmerkel and sg495 and shaashwat and smturro2 and sternparky and strickroman and tigerjack and tsura-crisaldo and upsideon and vadebayo49 and welien and willhbang and wmurphy-collabstar and yang.luh and yuri@FreeBSD and Mantas {\v{C}}epulkovskis},
       title = {Qiskit: An Open-source Framework for Quantum Computing},
       year = {2021},
       doi = {10.5281/zenodo.2573505}
}
@Article{         harris2020array,
 title         = {Array programming with {NumPy}},
 author        = {Charles R. Harris and K. Jarrod Millman and St{\'{e}}fan J.
                 van der Walt and Ralf Gommers and Pauli Virtanen and David
                 Cournapeau and Eric Wieser and Julian Taylor and Sebastian
                 Berg and Nathaniel J. Smith and Robert Kern and Matti Picus
                 and Stephan Hoyer and Marten H. van Kerkwijk and Matthew
                 Brett and Allan Haldane and Jaime Fern{\'{a}}ndez del
                 R{\'{i}}o and Mark Wiebe and Pearu Peterson and Pierre
                 G{\'{e}}rard-Marchant and Kevin Sheppard and Tyler Reddy and
                 Warren Weckesser and Hameer Abbasi and Christoph Gohlke and
                 Travis E. Oliphant},
 year          = {2020},
 month         = sep,
 journal       = {Nature},
 volume        = {585},
 number        = {7825},
 pages         = {357--362},
 doi           = {10.1038/s41586-020-2649-2},
 publisher     = {Springer Science and Business Media {LLC}},
 url           = {https://doi.org/10.1038/s41586-020-2649-2}
}

@misc{https://doi.org/10.48550/arxiv.1912.08660,
  doi = {10.48550/ARXIV.1912.08660},
  url = {https://arxiv.org/abs/1912.08660},
  author = {Koczor, Bálint and Benjamin, Simon C.},
  keywords = {Quantum Physics (quant-ph), FOS: Physical sciences, FOS: Physical sciences},
  title = {Quantum natural gradient generalised to noisy and non-unitary circuits},
  publisher = {arXiv},
  year = {2019},
  copyright = {arXiv.org perpetual, non-exclusive license}
}

@Misc{mycode,
  title        = "{senior-thesis}",
  howpublished = "\url{https://github.com/Izuho/senior-thesis}"
}
@article{PhysRevResearch.2.043158,
  title = {Sequential minimal optimization for quantum-classical hybrid algorithms},
  author = {Nakanishi, Ken M. and Fujii, Keisuke and Todo, Synge},
  journal = {Phys. Rev. Res.},
  volume = {2},
  issue = {4},
  pages = {043158},
  numpages = {10},
  year = {2020},
  month = {Oct},
  publisher = {American Physical Society},
  doi = {10.1103/PhysRevResearch.2.043158},
  url = {https://link.aps.org/doi/10.1103/PhysRevResearch.2.043158}
}
